<record><leader>00000cas a2200000 a 4500</leader><controlfield tag="001">34929433</controlfield><controlfield tag="008">960614d19uu19uumiuwr ne      0    0eng c</controlfield><datafield ind1=" " ind2=" " tag="010"><subfield code="a">sn 96076709 </subfield></datafield><datafield ind1=" " ind2=" " tag="040"><subfield code="a">MHN</subfield><subfield code="b">eng</subfield><subfield code="c">MHN</subfield><subfield code="d">OCL</subfield><subfield code="d">OCLCQ</subfield><subfield code="d">OCLCO</subfield></datafield><datafield ind1="1" ind2=" " tag="029"><subfield code="a">AU@</subfield><subfield code="b">000012570475</subfield></datafield><datafield ind1=" " ind2=" " tag="042"><subfield code="a">pcc</subfield></datafield><datafield ind1=" " ind2=" " tag="043"><subfield code="a">n-us-mi</subfield></datafield><datafield ind1="0" ind2="4" tag="245"><subfield code="a">The Middleville sun and the Caledonia news.</subfield></datafield><datafield ind1="1" ind2="7" tag="246"><subfield code="a">Middleville sun and Caledonia news</subfield></datafield><datafield ind1=" " ind2=" " tag="260"><subfield code="a">Middleville, Barry County, Mich. :</subfield><subfield code="b">Constance Roc, Paul and Allys Roc</subfield></datafield><datafield ind1=" " ind2=" " tag="300"><subfield code="a">v.</subfield></datafield><datafield ind1=" " ind2=" " tag="310"><subfield code="a">Weekly</subfield></datafield><datafield ind1=" " ind2=" " tag="580"><subfield code="a">Formed by the union of: Caledonia news (Caledonia, Kent County, Mich. : 1928), and: Middleville sun (Middleville, Mich. : 1928).</subfield></datafield><datafield ind1=" " ind2=" " tag="588"><subfield code="a">Description based on: Vol. 79, no. 47 (Jan. 6, 1950).</subfield></datafield><datafield ind1=" " ind2="0" tag="651"><subfield code="a">Caledonia (Kent County, Mich.)</subfield><subfield code="v">Newspapers.</subfield></datafield><datafield ind1=" " ind2="0" tag="651"><subfield code="a">Kent County (Mich.)</subfield><subfield code="v">Newspapers.</subfield></datafield><datafield ind1=" " ind2="0" tag="651"><subfield code="a">Middleville (Mich.)</subfield><subfield code="v">Newspapers.</subfield></datafield><datafield ind1=" " ind2="0" tag="651"><subfield code="a">Barry County (Mich.)</subfield><subfield code="v">Newspapers.</subfield></datafield><datafield ind1=" " ind2=" " tag="752"><subfield code="a">United States</subfield><subfield code="b">Michigan</subfield><subfield code="c">Barry</subfield><subfield code="d">Middleville.</subfield></datafield><datafield ind1="1" ind2="4" tag="780"><subfield code="t">Caledonia news (Caledonia, Kent County, Mich. : 1928)</subfield><subfield code="w">(DLC)sn 96076707</subfield><subfield code="w">(OCoLC)34925050</subfield></datafield><datafield ind1="1" ind2="4" tag="780"><subfield code="t">Middleville sun (Middleville, Mich. : 1928)</subfield><subfield code="w">(DLC)sn 96076708</subfield><subfield code="w">(OCoLC)34929331</subfield></datafield><datafield ind1="0" ind2="0" tag="785"><subfield code="t">Sun and news</subfield><subfield code="w">(DLC)sn 96076712</subfield><subfield code="w">(OCoLC)34929497</subfield></datafield></record>